
@TECHREPORT{draft-ietf-ace-oauth-authz-09,
	AUTHOR="L. Seitz and G. Selander and E. Wahlstroem and S. Erdtman and H. Tschofenig",
	TITLE="{Authentication and Authorization for Constrained Environments (ACE)}",
	TYPE="Internet-Draft",
	INSTITUTION="Internet Engineering Task Force",
	NUMBER="draft-ietf-ace-oauth-authz-09",
	NOTE="Work in progress",
	DAYS=16,
	MONTH=11,
	YEAR=2017,
	URL="https://tools.ietf.org/html/draft-ietf-ace-oauth-authz-09",
}



@MISC{Scyther,
    title = {{The Scyther Tool for the symbolic analysis of security protocols}},
    year    = 2018,
	month   = Mar,
	url = {https://www.cs.ox.ac.uk/people/cas.cremers/scyther/}
}


@MISC{Avispa,
    title = {{The AVISPA Project}},
    year    = 2018,
	month   = Mar,
	url = {http://www.avispa-project.org/}
}


@MISC{OSW2018,
    title = {{OAuth Security Workshop 2018}},
    year    = 2018,
	month   = Mar,
	url = {https://st.fbk.eu/osw2018}
}

