
@MISC{RDM10,
    title = {{Facilitate, don't mandate}},
	author = {Ari Rabkin and Nick Doty and Deirdre K. Mulligan},
    year    = 2010,
	month   = Dec,
	note = {Position Paper for the IAB/W3C/MIT/ISOC Internet Privacy Workshop, Boston, Dec. 2010, http://www.iab.org/about/workshops/privacy/papers/nick\_doty.pdf}
}

@MISC{rfc2246,
    title = {{The TLS Protocol - Version 1.0}},
    author = {T. Dierks and C. Allen},
    year    = 1999,
    month   = Jan,
    INSTITUTION =  {Internet Engineering Task Force},
    note =         {{RFC} 2246, Request For Comments},
}



@MISC{rfc4101,
    title = {{Writing Protocol Models}},
    author = {E. Rescorla},
    year    = 2005,
    month   = Jun,
    INSTITUTION =  {Internet Engineering Task Force},
    note =         {{RFC} 4101, Request For Comments},
}


@MISC{rfc4279,
    title = {{Pre-Shared Key Ciphersuites for Transport Layer Security (TLS)}},
    author = {P. Eronen and H. Tschofenig},
    year    = 2005,
    month   = Dec,
    INSTITUTION =  {Internet Engineering Task Force},
    note =         {{RFC} 4279, Request For Comments},
}


@MISC{rfc4346,
    title = {{The Transport Layer Security (TLS) Protocol - Version 1.1}},
    author = {T. Dierks and E. Rescorla},
    year    = 2006,
    month   = Apr,
    INSTITUTION =  {Internet Engineering Task Force},
    note =         {{RFC} 4346, Request For Comments},
}

@MISC{rfc5246,
    title = {{The Transport Layer Security (TLS) Protocol - Version 1.2}},
    author = {T. Dierks and E. Rescorla},
    year    = 2008,
    month   = Aug,
    note =         {{Internet Engineering Task Force}, {RFC} 5246, Request For Comments},
}
@MISC{TLS-IANA,
    title = {{Transport Layer Security (TLS) Parameters}},
	author = {IANA},
    year    = 2012,
	month   = Feb,
	note = {http://www.iana.org/assignments/tls-parameters/tls-parameters.xml}
}

@MISC{TLS-Implementations,
    title = {{Comparison of TLS Implementations}},
	author = {Wikipedia},
    year    = 2012,
	month   = Feb,
	note = {http://en.wikipedia.org/wiki/Comparison\_of\_TLS\_Implementations}
}

@MISC{axTLS,
    title = {{axTLS embedded SSL}},
	author = {Cameron Rich},
    year    = 2012,
	month   = Feb,
	note = {http://axtls.sourceforge.net/}
}

@MISC{wpa-supplicant,
    title = {{Linux WPA/WPA2/IEEE 802.1X Supplicant}},
	author = {Jouni Malinen},
    year    = 2012,
	month   = Feb,
	note = {http://hostap.epitest.fi/wpa\_supplicant/}
}

@MISC{FreeRADIUS,
    title = {{The FreeRADIUS Project}},
	author = {Alan DeKok},
    year    = 2012,
	month   = Feb,
	note = {http://freeradius.org/}
}

@MISC{rfc5077,
    title = {{Transport Layer Security (TLS) Session Resumption without Server-Side State}},
    author = {J. Salowey and H. Zhou and P. Eronen and H. Tschofenig},
    year    = 2008,
    month   = Jan,
    INSTITUTION =  {Internet Engineering Task Force},
    note =         {{RFC} 5077, Request For Comments},
}

@MISC{rfc3268,
    title = {{Advanced Encryption Standard (AES) Ciphersuites for Transport Layer Security (TLS)}},
    author = {P. Chown},
    year    = 2002,
    month   = Jun,
    INSTITUTION =  {Internet Engineering Task Force},
    note =         {{RFC} 3268, Request For Comments},
}


@MISC{rfc6066,
    title = {{Transport Layer Security (TLS) Extensions: Extension Definitions}},
    author = {D. Eastlake},
    year    = 2011,
    month   = Jan,
    INSTITUTION =  {Internet Engineering Task Force},
    note =         {{RFC} 6066, Request For Comments},
}


@MISC{rfc4347,
    title = {{Datagram Transport Layer Security}},
    author = {E. Rescorla and N. Modadugu},
    year    = 2006,
    month   = Apr,
    INSTITUTION =  {Internet Engineering Task Force},
    note =         {{RFC} 4347, Request For Comments},
}

@MISC{rfc5763,
    title = {{Framework for Establishing a Secure Real-time Transport Protocol (SRTP) Security Context Using Datagram Transport Layer Security (DTLS)}},
    author = {J. Fischl and H. Tschofenig and E. Rescorla},
    year    = 2010,
    month   = May,
    INSTITUTION =  {Internet Engineering Task Force},
    note =         {{RFC} 5763, Request For Comments},
}


@MISC{rfc4785,
    title = {{Pre-Shared Key (PSK) Ciphersuites with NULL Encryption for Transport Layer Security (TLS)}},
    author = {U. Blumenthal and P. Goel},
    year    = 2007,
    month   = Jan,
    INSTITUTION =  {Internet Engineering Task Force},
    note =         {{RFC} 4785, Request For Comments},
}


@MISC{I-D.ietf-tls-oob-pubkey,
    title = {{TLS Out-of-Band Public Key Validation}},
    author = {P. Wouters and J. Gilmore and S. Weiler and T. Kivinen and H. Tschofenig},
    year    = 2012,
    month   = Jan,
    INSTITUTION =  {Internet Engineering Task Force},
    note    = {{IETF} draft (work in progress), draft-ietf-tls-oob-pubkey-01.txt}
}
@MISC{I-D.bormann-lwig-guidance,
    title = {{Guidance for Light-Weight Implementations of the Internet Protocol Suite}},
    author = {C. Bormann},
    year    = 2012,
    month   = Jan,
    INSTITUTION =  {Internet Engineering Task Force},
    note    = {{IETF} draft (work in progress), draft-bormann-lwig-guidance-01.txt}
}



@MISC{I-D.ietf-tls-cached-info,
    title = {{Transport Layer Security (TLS) Cached Information Extension}},
    author = {S. Santesson and H. Tschofenig},
    year    = 2011,
    month   = Dec,
    INSTITUTION =  {Internet Engineering Task Force},
    note    = {{IETF} draft (work in progress), draft-ietf-tls-cached-info-11.txt}
}

@inproceedings{HorsterK91,
  author    = {Patrick Horster and
               Hans-Joachim Knobloch},
  title     = {Protokolle zum Austausch authenischer Schl{\"u}ssel},
  booktitle = {VIS},
  year      = {1991},
  pages     = {321-328},
  crossref  = {DBLP:conf/vis/1991},
  bibsource = {DBLP, http://dblp.uni-trier.de}
}

@proceedings{DBLP:conf/vis/1991,
  editor    = {Andreas Pfitzmann and
               Eckart Raubold},
  title     = {VIS'91, Verl{\"a}{\ss}liche Informationssysteme, GI-Fachtagung,
               Darmstadt, 13.-15. M{\"a}rz 1991, Proceedings},
  booktitle = {VIS},
  publisher = {Springer},
  series    = {Informatik-Fachberichte},
  volume    = {271},
  year      = {1991},
  isbn      = {3-540-53911-5},
  bibsource = {DBLP, http://dblp.uni-trier.de}
}

@MISC{rfc1543,
    title = {{Instructions to RFC Authors}},
    author = {J. Postel},
    year    = 1993,
    month   = Oct,
    INSTITUTION =  {Internet Engineering Task Force},
    note =         {{RFC} 1543, Request For Comments},
}
 
@MISC{rfc4017,
    title = {{Extensible Authentication Protocol (EAP) Method Requirements for Wireless LANs}},
    author = {D. Stanley and J. Walker and B. Aboba},
    year    = 2005,
    month   = Mar,
    INSTITUTION =  {Internet Engineering Task Force},
    note =         {{RFC} 4017, Request For Comments},
}

@MISC{rfc5723,
    title = {{Internet Key Exchange Protocol Version 2 (IKEv2) Session Resumption}},
    author = {Y. Sheffer and H. Tschofenig},
    year    = 2010,
    month   = Jan,
    INSTITUTION =  {Internet Engineering Task Force},
    note =         {{RFC} 5723, Request For Comments},
}


@MISC{rfc5216,
    title = {{The EAP-TLS Authentication Protocol}},
    author = {D. Simon and B. Aboba and R. Hurst},
    year    = 2008,
    month   = Mar,
    INSTITUTION =  {Internet Engineering Task Force},
    note =         {{RFC} 5216, Request For Comments},
}

@MISC{rfc5281,
    title = {{Extensible Authentication Protocol Tunneled Transport Layer Security Authenticated Protocol Version 0 (EAP-TTLSv0)}},
    author = {P. Funk and S. Blake-Wilson},
    year    = 2008,
    month   = Aug,
    INSTITUTION =  {Internet Engineering Task Force},
    note =         {{RFC} 5281, Request For Comments},
}


@MISC{I-D.josefsson-pppext-eap-tls-eap,
    title = {{Protected EAP Protocol (PEAP) Version 2}},
    author = {A. Palekar and D. Simon and J. Salowey and H. Zhou and G. Zorn and S. Josefsson},
    year    = 2004,
    month   = Oct,
    INSTITUTION =  {Internet Engineering Task Force},
    note =         {{IETF} draft (work in progress), draft-josefsson-pppext-eap-tls-eap-10.txt},
}


@MISC{rfc4851,
    title = {{The Flexible Authentication via Secure Tunneling Extensible Authentication Protocol Method (EAP-FAST)}},
    author = {N. Cam-Winget and D. McGrew and J. Salowey and H. Zhou},
    year    = 2007,
    month   = May,
    INSTITUTION =  {Internet Engineering Task Force},
    note =         {{RFC} 4851, Request For Comments},
}


@MISC{rfc3552,
    title = {{Guidelines for Writing RFC Text on Security Considerations}},
    author = {E. Rescorla and B. Korver},
    year    = 2003,
    month   = Jul,
    INSTITUTION =  {Internet Engineering Task Force},
    note =         {{RFC} 3552, Request For Comments},
}

@MISC{rfc4949,
    title = {{Internet Security Glossary, Version 2}},
    author = {R. Shirey},
    year    = 2007,
    month   = Aug,
    INSTITUTION =  {Internet Engineering Task Force},
    note =         {{RFC} 4949, Request For Comments},
}

@MISC{rfc5218,
    title = {{What Makes for a Successful Protocol?}},
    author = {D. Thaler and B. Aboba},
    year    = 2008,
    month   = Jul,
    INSTITUTION =  {Internet Engineering Task Force},
    note =         {{RFC} 5218, Request For Comments},
}
 
@MISC{BE09,
    title = {{On Locational Privacy, and How to Avoid Losing it Forever}},
    author = {A. Blumberg and P. Eckersley},
    year    = 2009,
	month   = Aug,
	note = {http://www.eff.org/wp/locational-privacy}
}

@MISC{AP+10,
    title = {{The Future of Web Applications or How to Move into the Post Standardization Area}},
    author = {B. Aboba and J. Peterson and H. Schulzrinne and H. Tschofenig},
    year    = 2010,
	month   = Oct,
	note = {Position Paper for the 'Real-Time Communication in the Browser' workshop, Mountain View,}
}

@inproceedings{popa:vpriv,
    author = {Popa, Raluca A. and Balakrishnan, Hari and Blumberg, Andrew J.},
    booktitle = {Proceedings of the 18th Usenix Security Symposium},
    citeulike-article-id = {5426125},
    citeulike-linkout-0 = {http://www.usenix.org/events/sec/tech/full\_papers/popa.pdf},
    keywords = {location-based-services, privacy, vanet},
    location = {Montreal, QC, Canada},
    month = {August},
    posted-at = {2009-08-12 10:09:48},
    priority = {2},
    title = {{VPriv}: Protecting Privacy in Location-Based Vehicular Services},
    url = {http://www.usenix.org/events/sec/tech/full\_papers/popa.pdf},
    year = {2009}
}

@MISC{draft-ietf-sipcore-location-conveyance,
    title = {{Location Conveyance for the Session Initiation Protocol}},
    author = {J. Polk and B. Rosen and Jon Peterson},
    year    = 2010,
    month   = Oct,
    INSTITUTION =  {Internet Engineering Task Force},
    note    = {{IETF} draft (work in progress), draft-ietf-sipcore-location-conveyance-04.txt}
}



@MISC{CM10,
    title = {{Thoughts on Adding "Privacy Considerations" to Internet Drafts}},
	author = {A. Cooper and J. Morris},
    year    = 2010,
	month   = Dec,
	note = {Position Paper for the IAB/W3C/MIT/ISOC Internet Privacy Workshop, Boston, Dec. 2010, http://www.iab.org/about/workshops/privacy/papers/alissa\_cooper.pdf}
}

@MISC{threshold,
    title = {{Threshold Analysis for Online Advertising Practices}},
    author = {CDT},
    year    = 2009,
	month   = Jan,
	note = {http://www.cdt.org/privacy/20090128threshold.pdf,}
}

@MISC{innovation,
    title = {{Privacy and Innovation}},
    author = {H. Tschofenig},
    year    = 2011,
	month   = Feb,
	note = {unpublished}
}


@MISC{WORKSHOP,
    title = {{Internet Privacy Workshop: How can Technology help to improve Privacy on the Internet?}},
    author = {IAB and W3C and ISOC and MIT},
    year    = 2010,
	month   = Dec,
	note = {http://www.iab.org/about/workshops/privacy/}
}

@MISC{SECDIR,
    title = {{IETF Security Directorate Wiki}},
    author = {IETF},
    year    = 2011,
	month   = Feb,
	note = {http://bit.ly/hZEylU}
}

@MISC{oauth-wg,
    title = {{Open Authentication Protocol (oauth) Working Group Charter}},
    author = {IETF},
    year    = 2011,
	month   = Feb,
	note = {http://datatracker.ietf.org/wg/oauth/charter/}
}

@MISC{nea-wg,
    title = {{Network Endpoint Assessment (nea)}},
    author = {IETF},
    year    = 2011,
	month   = Feb,
	note = {http://datatracker.ietf.org/wg/nea/charter/}
}


@MISC{EDUTEAM,
    title = {{Education (EDU) Team Wiki}},
    author = {IETF},
    year    = 2011,
	month   = Feb,
	note = {http://wiki.tools.ietf.org/group/edu/}
}

@MISC{Murder,
    title = {{OAuth Will Murder Your Children}},
   author = {Z. Holman},
    year    = 2011,
	month   = Jan,
	note = {http://zachholman.com/2011/01/oauth\_will\_murder\_your\_children}
}


@MISC{PrivacyDirectorate,
    title = {{IETF Announcement of the Privacy Directorate}},
    author = {IETF},
    year    = 2011,
	month   = Feb,
    INSTITUTION =  {Internet Engineering Task Force},

	note = {http://www.ietf.org/mail-archive/web/ietf-announce/current/msg08294.html}
}


@MISC{rfc2223,
    title = {{Instructions to RFC Authors}},
    author = {J. Postel and J. Reynolds},
    year    = 1997,
    month   = Oct,
    INSTITUTION =  {Internet Engineering Task Force},
    note =         {{RFC} 2223, Request For Comments},
}


@MISC{rfc5996,
    title = {{Internet Key Exchange Protocol Version 2 (IKEv2)}},
    author = {C. Kaufman and   P. Hoffman,  Y. Nir, P. Eronen},
    year    = 2010,
    month   = Sep,
    INSTITUTION =  {Internet Engineering Task Force},
    note =         {{RFC} 5996, Request For Comments},
}





@MISC{rfc5652,
    title = {{Cryptographic Message Syntax (CMS)}},
    author = {R. Housley},
    year    = 2009,
    month   = Sep,
    INSTITUTION =  {Internet Engineering Task Force},
    note =         {{RFC} 5652, Request For Comments},
}


@MISC{rfc2743,
    title = {{Generic Security Service Application Program Interface
Version 2, Update 1}},
    author = {J. Linn},
    year    = 2000,
    month   = Jan,
    INSTITUTION =  {Internet Engineering Task Force},
    note =         {{RFC} 2743, Request For Comments},
}

@MISC{rfc2222,
    title = {{Simple Authentication and Security Layer (SASL)}},
    author = {J. Myers},
    year    = 1997,
    month   = Oct,
    INSTITUTION =  {Internet Engineering Task Force},
    note =         {{RFC} 2222, Request For Comments},
}


@MISC{rfc3748,
    title = {{Simple Authentication and Security Layer (SASL)}},
    author = {B. Aboba and L. Blunk and J. Vollbrecht and J. Carlson and H. Levkowetz},
    year    = 2004,
    month   = Jun,
    INSTITUTION =  {Internet Engineering Task Force},
    note =         {{RFC} 3748, Request For Comments},
}


@MISC{W3Cworkshop,
    title = {{W3C Workshop on Privacy for Advanced Web APIs}},
    author = {W3C},
    year    = 2010,
    month   = Jul,
    note =         {http://www.w3.org/2010/api-privacy-ws/},
}

@MISC{PT+10,
    title = {{The Role of the Internet Engineering Task Force (IETF) in Improving Privacy on the Internet}},
    author = {J. Peterson and H. Tschofenig and B. Aboba and K. Sollins},
    year    = 2010,
    month   = Jul,
    note =         {Position Paper for the W3C Workshop on Privacy for Advanced Web APIs, Jul. 2010, http://www.w3.org/2010/api-privacy-ws/papers/privacy-ws-32.pdf},
}

@MISC{rfc2595,
    title = {{Using TLS with IMAP, POP3 and ACAP}},
    author = {C. Newman},
    year    = 1999,
    month   = Jun,
    INSTITUTION =  {Internet Engineering Task Force},
    note =         {{RFC} 2595, Request For Comments},
}


@MISC{I-D.morris-privacy-considerations,
    title = {{Privacy Considerations for Internet Protocols}},
    author = {B. Aboba and J. Morris and J. Peterson and H. Tschofenig},
    year    = 2010,
    month   = Nov,
    INSTITUTION =  {Internet Engineering Task Force},
    note    = {{IETF} draft (work in progress), draft-morris-privacy-considerations-02.txt}
}


@MISC{I-D.baker-ietf-core,
    title = {{Internet Protocols for the Smart Grid}},
    author = {F. Baker and D. Meyer},
    year    = 2010,
    month   = Nov,
    INSTITUTION =  {Internet Engineering Task Force},
    note    = {{IETF} draft (work in progress), draft-baker-ietf-core-11}
}

@MISC{I-D.lear-abfab-arch,
    title = {{Application Bridging for Federated Access Beyond Web (ABFAB)
Architecture}},
    author = {J. Howlett and S. Hartmann and H. Tschofenig and E. Lear},
    year    = 2010,
    month   = Dec,
    INSTITUTION =  {Internet Engineering Task Force},
    note    = {{IETF} draft (work in progress), draft-lear-abfab-arch-01.txt}
}


@MISC{I-D.hansen-privacy-terminology,
    title = {{Terminology for Talking about Privacy by Data Minimization: Anonymity, Unlinkability, Undetectability, Unobservability, Pseudonymity, and Identity Management}},
    author = {A. Pfitzmann and M. Hansen and H. Tschofenig},
    year    = 2010,
    month   = Aug,
    INSTITUTION =  {Internet Engineering Task Force},
    note    = {{IETF} draft (work in progress), draft-hansen-privacy-terminology-01.txt}
}


@MISC{FIPs,
    title = {{OECD Guidelines on the Protection of Privacy and Transborder Flows of Personal Data}},
    year    = 1980,
    INSTITUTION =  {Organization for Economic Co-operation and Development},
	note = {http://www.oecd.org/EN/document/0,,EN-document-0-nodirectorate-no-24-10255-0,00.html}
}


@MISC{OAUTH,
    title = {{Open Authentication Protocol (oauth) - Charter}},
    year    = 2010,
	month   = Sep,
    INSTITUTION =  {Internet Engineering Task Force},
	note = {https://datatracker.ietf.org/wg/oauth/charter/}
}

@MISC{rfc3261,
    title = {{SIP: Session Initiation Protocol}},
    author = {J. Rosenberg and H. Schulzrinne and G. Camarillo and A. Johnston and J. Peterson and R. Sparks and M. Handley and E. Schooler},
    year    = 2002,
    month   = May,
    INSTITUTION =  {Internet Engineering Task Force},
 note =         {{RFC} 3261, Request For Comments},
}

@MISC{rfc5245,
    title = {{Interactive Connectivity Establishment (ICE): A Protocol for Network Address Translator (NAT) Traversal for Offer/Answer Protocols}},
    author = {J. Rosenberg},
    year    = 2010,
    month   = Apr,
    INSTITUTION =  {Internet Engineering Task Force},
 note =         {{RFC} 5245, Request For Comments},
}


@MISC{rfc3920,
    title = {{Extensible Messaging and Presence Protocol (XMPP): Core}},
    author = {P. Saint-Andre},
    year    = 2004,
    month   = Oct,
 note =         {{Internet Engineering Task Force}, {RFC} 3920, Request For Comments},
}

@MISC{rfc1939,
    title = {{Post Office Protocol - Version 3}},
    author = {J. Myers and M. Rose},
    year    = 1996,
    month   = May,
 note =         {{Internet Engineering Task Force}, {RFC} 1939, Request For Comments},
}

@MISC{rfc3501,
    title = {{INTERNET MESSAGE ACCESS PROTOCOL - VERSION 4rev1}},
    author = {M. Crispin},
    year    = 2003,
    month   = Mar,
 note =         {{Internet Engineering Task Force}, {RFC} 3501, Request For Comments},
}

@MISC{diginotar,
    title = {{DigiNotar SSL certificate hack amounts to cyberwar, says expert}},
    author = {Charles Arthur},
    year    = 2011,
    month   = Sep,
 note =         {Guardian, {URL:} \url{http://www.guardian.co.uk/technology/2011/sep/05/diginotar-certificate-hack-cyberwar}}
}

@MISC{comodo,
    title = {{The Recent RA Compromise}},
    author = {Phillip Hallam-Baker},
    year    = 2011,
    month   = mar,
 note =         {Comodo Group, {URL:} \url{http://blogs.comodo.com/it-security/data-security/the-recent-ra-compromise/}}
}

@MISC{ssl-observatory,
    title = {{The EFF SSL Observatory}},
    author = {EFF},
   year    = 2013,
   month   = feb,
 note =         {{URL:} \url{https://www.eff.org/observatory}}
}

@MISC{sovereign-keys,
    title = {{The Sovereign Keys Project}},
    author = {EFF},
   year    = 2013,
   month   = feb,
 note =         {{URL:} \url{https://www.eff.org/sovereign-keys}}
}

@MISC{rfc6698,
    title = {{The DNS-Based Authentication of Named Entities (DANE) Transport Layer Security (TLS) Protocol: TLSA}},
    author = {P. Hoffman and J. Schlyter},
   year    = 2012,
   month   = aug,
 note =         {{Internet Engineering Task Force}, {RFC} 6698, Request For Comments}
}


@MISC{rfc5280,
    title = {{Internet X.509 Public Key Infrastructure Certificate and Certificate Revocation List (CRL) Profile}},
    author = {D. Cooper and S. Santesson and S. Farrell and S. Boeyen and R. Housley and T. Polk},
   year    = 2008,
   month   = may,
 note =         {{Internet Engineering Task Force}, {RFC} 5280, Request For Comments}
}

@MISC{rfc2560,
    title = {{X.509 Internet Public Key Infrastructure  Online Certificate Status Protocol - OCSP}},
    author = {M. Myers},
   year    = 1999,
   month   = Jun,
 note =         {{Internet Engineering Task Force}, {RFC} 2560, Request For Comments}
}

@MISC{draft-ietf-websec-key-pinning,
    title = {{Public Key Pinning Extension for HTTP}},
    author = {C. Evans and C. Palmer and R. Sleevi},
    year    = 2012,
    month   = Dec,
    note    = {{IETF} draft (work in progress), draft-ietf-websec-key-pinning-04.txt}
}

@MISC{draft-laurie-pki-sunlight,
    title = {{Certificate Transparency}},
    author = {B. Laurie and A. Langley and E. Kasper},
    year    = 2012,
    month   = Oct,
    note    = {{IETF} draft (work in progress), draft-laurie-pki-sunlight-02.txt}
}

@MISC{CABrowserForum,
    title = {{The Certification Authority/Browser Forum}},
    author = {Phillip Hallam-Baker},
    year    = 2011,
    month   = mar,
    note =         {Comodo Group, {URL:} \url{https://www.cabforum.org/}}
}

@MISC{WPKOPS,
    title = {{WebPKI Operations - Mailing List}},
    year    = 2012,
	note = {{Internet Engineering Task Force}, {URL:} \url{https://www.ietf.org/mailman/listinfo/wpkops}}
}



@MISC{WEBSEC,
    title = {{Web Security (websec) Working Group Charter}},
    author = {IETF},
    year    = 2012,
	month   = Feb,
	note = {{URL:} http://datatracker.ietf.org/wg/websec/charter/}
}

@MISC{PKNG,
    title = {{Public Key Next-Generation Research Group (PKNG)}},
    year    = 2012,
	note = {{Internet Research Task Force}, {URL:} \url{http://irtf.org/concluded/pkng}}
}


@MISC{rfc6797,
    title = {{HTTP Strict Transport Security (HSTS)}},
    author = {J. Hodges and C. Jackson and A. Barth},
   year    = 2012,
   month   = Nov,
 note =         {{Internet Engineering Task Force}, {RFC} 6797, Request For Comments}
}

@MISC{rfc5934,
    title = {{Trust Anchor Management Protocol (TAMP)}},
    author = {R. Housley and  S. Ashmore and C. Wallace},
   year    = 2010,
   month   = Aug,
   note =         {{Internet Engineering Task Force}, {RFC} 5934, Request For Comments}
}

@MISC{rfc5929,
    title = {{Channel Bindings for TLS}},
    author = {J. Altman and N. Williams and L. Zhu},
   year    = 2010,
   month   = Jul,
   note =         {{Internet Engineering Task Force}, {RFC} 5929, Request For Comments}
}

@MISC{draft-ietf-abfab-arch,
    title = {{Application Bridging for Federated Access Beyond Web (ABFAB) Architecture}},
    author = {J. Howlett and S. Hartman and H. Tschofenig and E. Lear and J. Schaad},
    year    = 2012,
    month   = Oct,
    note    = {{IETF} draft (work in progress), draft-ietf-abfab-arch-04.txt}
}