
@MISC{ShelfLife,
    title = {{Whatâ€™s the security shelf-life of IoT?}},
	author = {{Ashkan Soltani}},
    year    = 2015,
	month   = Feb,
	url = {https://www.ftc.gov/news-events/blogs/techftc/2015/02/whats-security-shelf-life-iot}
}

@MISC{IOTSU,
	title = {{Internet of Things Software Update Workshop (IoTSU)}},
	author = {IAB},
	year    = 2016,
	month   = Jun,
	url = {https://down.dsg.cs.tcd.ie/iotsu/}
}

@MISC{Article29WP,
    title = {{Opinion 8/2014 on the on Recent Developments on the Internet of Things}},
	author = {{Article 29 Working Party}},
    year    = 2014,
	month   = Sep,
	url = {http://ec.europa.eu/justice/data-protection/article-29/documentation/opinion-recommendation/files/2014/wp223_en.pdf}
}

@MISC{FTC,
    title = {{Internet of Things: Privacy \&amp; Security in a Connected World}},
	author = {{FTC Staff Report}},
    year    = 2015,
	month   = Jan,
	url = {https://www.ftc.gov/system/files/documents/reports/federal-trade-commission-staff-report-november-2013-workshop-entitled-internet-things-privacy/150127iotrpt.pdf}
}

@MISC{Trustzone,
    title = {{TrustZone}},
	author = {ARM},
    year    = 2016,
	month   = Jun,
	url = {http://www.arm.com/products/processors/technologies/trustzone/}
}

@MISC{nRF51-DK,
    title = {{nRF51 DK}},
	author = {{Nordic Semiconductor}},
    year    = 2016,
	month   = Jun,
	url = {https://www.nordicsemi.com/eng/Products/nRF51-DK}
}


@MISC{lwm2m,
    title = {{Lightweight Machine-to-Machine Technical Specification v1.0, Candidate Enabler}},
	author = {{Open Mobile Alliance}},
    year    = 2015,
	month   = Dec,
	url = {http://technical.openmobilealliance.org/Technical/technical-information/release-program/current-releases/oma-lightweightm2m-v1-0}
}

@MISC{ipso-iotsi-paper,
    author = "J. Jimenez and M. Koster and H. Tschofenig",
    title = {{IPSO Smart Objects}},
    year    = 2016,
	month   = Mar,
	url = {https://www.iab.org/wp-content/IAB-uploads/2016/03/ipso-paper.pdf}
}

@MISC{OMNA,
    title = {{OMNA Lightweight M2M (LWM2M) Object \&amp; Resource Registry}},
    author = {{Open Mobile Alliance}},
    year    = 2016,
    month   = Jun,
    url = {http://technical.openmobilealliance.org/Technical/technical-information/omna/lightweight-m2m-lwm2m-object-registry}
}

@MISC{firmware-object,
    title = {{Firmware Object - XML Definition}},
    author = {{Open Mobile Alliance}},
    year    = 2016,
    month   = Jun,
    url = {http://technical.openmobilealliance.org/tech/profiles/LWM2M_Firmware_Update-v1_0.xml}
}

@MISC{TEE,
    title = {{Trusted execution environment}},
    author = {Wikipedia},
    year    = 2016,
    month   = Jun,
    url = {https://en.wikipedia.org/wiki/Trusted_execution_environment}
}

@MISC{SwMgmt,
    title = {{Lightweight M2M - Software Management Object}},
    author = {{Open Mobile Alliance}},
    year    = 2015,
    month   = Dec,
    url = {http://member.openmobilealliance.org/ftp/Public_documents/DM/LightweightM2M/Permanent_documents/OMA-TS-LWM2M_SwMgmt-V1_0-20151201-C.zip}
}



