

@Techreport{rfc6690,
  author = "Z. Shelby",
  title = "{Constrained RESTful Environments (CoRE) Link Format}",
  type = "RFC",
  institution = "Internet Engineering Task Force",
  number = 6690,
  days = 15,
  month = aug,
  year = 2012,
  url = "http://www.rfc-editor.org/rfc/rfc6690.txt",
}


@Techreport{rfc5988,
  author = "M. Nottingham",
  title = "{Web Linking}",
  type = "RFC",
  institution = "Internet Engineering Task Force",
  number = 5988,
  days = 15,
  month = oct,
  year = 2010,
  url = "http://www.rfc-editor.org/rfc/rfc5988.txt",
}


@MISC{lwm2m,
    title = {{Lightweight Machine-to-Machine Technical Specification v1.0, Candidate Enabler}},
	author = {Open Mobile Alliance},
    year    = 2015,
	month   = Dec,
	url = {http://technical.openmobilealliance.org/Technical/technical-information/release-program/current-releases/oma-lightweightm2m-v1-0}
}



@Techreport{rfc2616,
  author = "R. Fielding and J. Gettys and J. Mogul and H. Frystyk and L. Masinter and P. Leach and T. Berners-Lee",
  title = "{Hypertext Transfer Protocol -- HTTP/1.1}",
  type = "RFC",
  institution = "Internet Engineering Task Force",
  number = 2616,
  days = 15,
  month = jun,
  year = 1999,
  url = "http://www.rfc-editor.org/rfc/rfc2616.txt",
}


@Techreport{rfc7252,
  author = "Z. Shelby and K. Hartke and C. Bormann",
  title = "{The Constrained Application Protocol (CoAP)}",
  type = "RFC",
  institution = "Internet Engineering Task Force",
  number = 7252,
  days = 15,
  month = jun,
  year = 2014,
  url = "http://www.rfc-editor.org/rfc/rfc7252.txt",
}


